<?xml version="1.0" encoding="UTF-8"?><record xmlns="http://www.loc.gov/MARC21/slim" xmlns:cinclude="http://apache.org/cocoon/include/1.0" xmlns:zs="http://www.loc.gov/zing/srw/">
  <leader>00937nz  a2200205n  4500</leader>
  <controlfield tag="001">no2008064759</controlfield>
  <controlfield tag="003">DLC</controlfield>
  <controlfield tag="005">20080502075053.0</controlfield>
  <controlfield tag="008">080429n| acannaabn          |a ana     c</controlfield>
  <datafield tag="010" ind1=" " ind2=" ">
    <subfield code="a">no2008064759</subfield>
  </datafield>
  <datafield tag="035" ind1=" " ind2=" ">
    <subfield code="a">(OCoLC)oca07756170</subfield>
  </datafield>
  <datafield tag="040" ind1=" " ind2=" ">
    <subfield code="a">NNC-EA</subfield>
    <subfield code="b">eng</subfield>
    <subfield code="c">NNC</subfield>
  </datafield>
  <datafield tag="043" ind1=" " ind2=" ">
    <subfield code="a">a-ja---</subfield>
  </datafield>
  <datafield tag="151" ind1=" " ind2=" ">
    <subfield code="a">Azuma-machi (Ibaraki-ken, Japan)</subfield>
  </datafield>
  <datafield tag="551" ind1=" " ind2=" ">
    <subfield code="w">a</subfield>
    <subfield code="a">Azuma-mura (Ibaraki-ken, Japan)</subfield>
  </datafield>
  <datafield tag="551" ind1=" " ind2=" ">
    <subfield code="w">b</subfield>
    <subfield code="a">Inashiki-shi (Japan)</subfield>
  </datafield>
  <datafield tag="670" ind1=" " ind2=" ">
    <subfield code="a">Nihon rekishi chimei taikei, Apr. 29, 2008</subfield>
    <subfield code="b">(Ibaraki-ken/Inashiki-gun/Azuma-machi; r; Ibaraki-ken/Inashiki-gun/Azuma-mura renamed Ibaraki-ken/Inashiki-gun/Azuma-machi, Sept. 1, 1996)</subfield>
  </datafield>
  <datafield tag="670" ind1=" " ind2=" ">
    <subfield code="a">Nihon Yūbin yūbin bangō kensaku, Apr. 29, 2008</subfield>
    <subfield code="b">(Inashiki-gun Edosaki-machi, Shintone-machi, Sakuragawa-mura, and Azuma-machi merged to form Inashiki-shi, Mar. 22, 2005)</subfield>
  </datafield>
  <datafield tag="675" ind1=" " ind2=" ">
    <subfield code="a">GEOnet, Apr. 29, 2008;</subfield>
    <subfield code="a">Columbia gazetteer of the world, Apr. 29, 2008</subfield>
  </datafield>
  <datafield tag="781" ind1=" " ind2="0">
    <subfield code="z">Japan</subfield>
    <subfield code="z">Azuma-machi (Ibaraki-ken)</subfield>
  </datafield>
</record>